% see A2.2
% see B6.4b

@software{Buhler_ipa-template_2022,
  author  = {Bühler, Robin},
  license = {AGPL-3.0},
  month   = {2},
  title   = {{ipa-template}},
  url     = {https://github.com/ictorg/ipa-template},
  version = {1.0.0},
  year    = {2022}
}

@software{Buhler_ipa-timetable_2022,
  author  = {Bühler, Robin},
  license = {AGPL-3.0},
  month   = {2},
  title   = {{ipa-timetable}},
  url     = {https://docs.google.com/spreadsheets/d/1kZ3AUNItc1EV2Pz2bjDTaP_TFSRrj1S5dGMjM3ucCRw},
  version = {1.0.0},
  year    = {2022}
}

@software{state_machines-activemodel_github,
  license = {MIT},
  month   = {5},
  title   = {{state\_machines-activemodel}},
  url     = {https://github.com/state-machines/state_machines-activemodel},
  version = {0.8.0},
  year    = {2022}
}

@software{stateful_enum_github,
  license = {MIT},
  month   = {5},
  title   = {{stateful\_enum}},
  url     = {https://github.com/amatsuda/stateful_enum},
  year    = {2022}
}

@software{rubocop_styleguide,
  license = {MIT},
  month   = {5},
  title   = {{stateful\_enum}},
  url     = {https://github.com/amatsuda/stateful_enum},
  year    = {2022}
}

@software{renuo_application_setup_guide,
  author  = {Renuo AG},
  license = {Creative Commons Attribution 4.0 International Public License},
  month   = {5},
  title   = {{Renuo Application-Setup-Guide}},
  url     = {https://renuo.github.io/applications-setup-guide},
  year    = {2022}
}

@online{statstate_machines-activemodel_rubygems,
  author  = {RubyGems.org},
  year    = {2022},
  title   = {statstate\_machines gem},
  url     = {https://rubygems.org/gems/state_machines},
  urldate = {2022-05-30}
}

@online{default_controller_actions,
  author  = {Codecademy},
  year    = {2022},
  title   = {Standard Controller Actions},
  url     = {https://www.codecademy.com/article/standard-controller-actions},
  urldate = {2022-06-03}
}
